@misc{ wiki:HU,
  title = "https://de.wikipedia.org/wiki/Hounsfield-Skala --- {W}ikipedia{,} The Free Encyclopedia",
  year = "2022",
  url = "https://de.wikipedia.org/wiki/Hounsfield-Skala",
  note = "[Online; accessed 20-Juni-2022]"
}

@misc{ pixel_spacing,
  title = "Pixel Spacing --- DICOM Standard Browser",
  year = "2022",
  url = "https://dicom.innolitics.com/ciods/rt-dose/image-plane/00280030",
  note = "[Online; accessed 20-Juni-2022]"
}

@misc{ pydicom,
  title = "Pydicom Python Package - Working with DICOM",
  year = "2022",
  url = "https://github.com/pydicom/pydicom",
  note = "[Online; accessed 20-Juni-2022]"
}

@misc{ script:fl_dreieck,
  title = "Vorlesungs Skript Computational Geometry",
  author = "Prof.M.Fischer"
  year = "2022"
  page = "3-11"
}